%%% BIB file for latex: all my refs.
%% APACITE

@article{HuttonMeijer1996,
	author="Hutton, Graham and Meijer, Erik",
	title="Monadic Parser Combinators",
	year="1996",
	journal="Department of Computer Science, University of Nottingham",
}

@book{Jeuring2010,
	author = "Jeuring, Johan and Swierstra,Doaitse",	
	title = "Languages and Compilers",
	year = "2011",	
}

@book{Thompson2011,
	author = "Thompson, Simon",
	edition = "Second",
	editor = "Addison-Wesley",	
	title = "The Craft of Functional Programming",
	year = "2011",
}

@book{Arora2009,
	address = "Cambridge",
	author = "Arora, Sabjeev and Barak, Boaz",
	edition = "First",
	isbn = "978-0-521-42426-4 Hardback",
	publisher = "Cambridge University Press",
	title = "Computational complexity: a modern approach",
	url = "www.cambridge.org/9780521424264",
	year = "2009",
}
