
@article{art1,
	author="First Last",
	title="A fictitious journal article",
	year=1900,
	journal="Journal of nothingness",
	volume=2,
	pages="1-2"
}
